@article{Maguire2000,
  title = {Navigation-related structural change in the hippocampi of taxi drivers},
  volume = {97},
  ISSN = {1091-6490},
  url = {http://dx.doi.org/10.1073/pnas.070039597},
  DOI = {10.1073/pnas.070039597},
  number = {8},
  journal = {Proceedings of the National Academy of Sciences},
  publisher = {Proceedings of the National Academy of Sciences},
  author = {Maguire,  Eleanor A. and Gadian,  David G. and Johnsrude,  Ingrid S. and Good,  Catriona D. and Ashburner,  John and Frackowiak,  Richard S. J. and Frith,  Christopher D.},
  year = {2000},
  month = mar,
  pages = {4398–4403}
}

@article{Janmaat2013,
  title = {Chimpanzees use long-term spatial memory to monitor large fruit trees and remember feeding experiences across seasons},
  volume = {86},
  ISSN = {0003-3472},
  url = {http://dx.doi.org/10.1016/j.anbehav.2013.09.021},
  DOI = {10.1016/j.anbehav.2013.09.021},
  number = {6},
  journal = {Animal Behaviour},
  publisher = {Elsevier BV},
  author = {Janmaat,  Karline R.L. and Ban,  Simone D. and Boesch,  Christophe},
  year = {2013},
  month = dec,
  pages = {1183–1205}
}

@article{Pearl1993,
  title = {[Bayesian Analysis in Expert Systems]: Comment: Graphical Models,  Causality and Intervention},
  volume = {8},
  ISSN = {0883-4237},
  url = {http://dx.doi.org/10.1214/ss/1177010894},
  DOI = {10.1214/ss/1177010894},
  number = {3},
  journal = {Statistical Science},
  publisher = {Institute of Mathematical Statistics},
  author = {Pearl,  Judea},
  year = {1993},
  month = aug 
}

@Manual{cmdstanr2025,
    title = {cmdstanr: R Interface to 'CmdStan'},
    author = {Jonah Gabry and Rok Češnovar and Andrew Johnson and Steve Bronder},
    year = {2025},
    note = {R package version 0.9.0, https://discourse.mc-stan.org},
    url = {https://mc-stan.org/cmdstanr/},
  }

@Manual{rethinking2024,
    title = {rethinking: Statistical Rethinking book package},
    author = {Richard McElreath},
    year = {2024},
    note = {R package version 2.42},
  }

@article{Vehtari_2021,
   title={Rank-Normalization, Folding, and Localization: An Improved Rˆ for Assessing Convergence of MCMC (with Discussion)},
   volume={16},
   ISSN={1936-0975},
   url={http://dx.doi.org/10.1214/20-BA1221},
   DOI={10.1214/20-ba1221},
   number={2},
   journal={Bayesian Analysis},
   publisher={Institute of Mathematical Statistics},
   author={Vehtari, Aki and Gelman, Andrew and Simpson, Daniel and Carpenter, Bob and Bürkner, Paul-Christian},
   year={2021},
   month=jun }
